<?xml version="1.0" encoding="UTF-8"?>
<collection xmlns:xsi="http://www.w3.org/2001/XMLSchema-instance" xsi:schemaLocation="http://www.loc.gov/MARC21/slim http://www.loc.gov/standards/marcxml/schema/MARC21slim.xsd" xmlns="http://www.loc.gov/MARC21/slim">
<record>
  <leader>01067cam a2200265Ma 4500</leader>
  <controlfield tag="001">5638169</controlfield>
  <controlfield tag="003">NNC</controlfield>
  <controlfield tag="005">20160623144143.0</controlfield>
  <controlfield tag="008">040611s1964    iq       b   f000 0 ara d</controlfield>
  <datafield tag="035" ind1=" " ind2=" ">
    <subfield code="a">(OCoLC)ocm55744046</subfield>
  </datafield>
  <datafield tag="035" ind1=" " ind2=" ">
    <subfield code="a">(NNC)5638169</subfield>
  </datafield>
  <datafield tag="040" ind1=" " ind2=" ">
    <subfield code="a">NNU</subfield>
    <subfield code="c">STF</subfield>
    <subfield code="d">ZCU</subfield>
  </datafield>
  <datafield tag="043" ind1=" " ind2=" ">
    <subfield code="a">aw-----</subfield>
    <subfield code="a">n-us---</subfield>
  </datafield>
  <datafield tag="050" ind1=" " ind2="4">
    <subfield code="a">DS63.2.U5</subfield>
    <subfield code="b">M62 1964</subfield>
  </datafield>
  <datafield tag="100" ind1="1" ind2=" ">
    <subfield code="a">Mohamad, Fadhil Zaky.</subfield>
  </datafield>
  <datafield tag="245" ind1="1" ind2="3">
    <subfield code="a">al-Kūnkris al-Amīrikī wa-nakbat Filasṭīn :</subfield>
    <subfield code="b">ḥaqāʾiq daqīqah takshufuhā muḥāḍir jalasāt al-Kūnkris ʻan dawr al-Ṣihyūnīyah fī taqrīr siyāsat Amīrikā fī Filasṭīn /</subfield>
    <subfield code="c">taʾlīf Fāḍil Zakī Muḥammad.</subfield>
  </datafield>
  <datafield tag="260" ind1=" " ind2=" ">
    <subfield code="a">Baghdād :</subfield>
    <subfield code="b">Wizārat al-Thaqāfah wa-al-Irshād,</subfield>
    <subfield code="c">1964.</subfield>
  </datafield>
  <datafield tag="300" ind1=" " ind2=" ">
    <subfield code="a">58 p. ;</subfield>
    <subfield code="c">23 cm.</subfield>
  </datafield>
  <datafield tag="490" ind1="1" ind2=" ">
    <subfield code="a">al-Silsilah al-siyāsīyah ;</subfield>
    <subfield code="v">4</subfield>
  </datafield>
  <datafield tag="504" ind1=" " ind2=" ">
    <subfield code="a">Includes bibliographical references.</subfield>
  </datafield>
  <datafield tag="650" ind1=" " ind2="0">
    <subfield code="a">Jewish-Arab relations.</subfield>
  </datafield>
  <datafield tag="651" ind1=" " ind2="0">
    <subfield code="a">United States</subfield>
    <subfield code="x">Foreign relations</subfield>
    <subfield code="z">Middle East.</subfield>
  </datafield>
  <datafield tag="651" ind1=" " ind2="0">
    <subfield code="a">Middle East</subfield>
    <subfield code="x">Foreign relations</subfield>
    <subfield code="z">United States.</subfield>
  </datafield>
  <datafield tag="830" ind1=" " ind2="0">
    <subfield code="a">Silsilah al-siyāsīyah ;</subfield>
    <subfield code="v">4.</subfield>
  </datafield>
  <datafield tag="955" ind1=" " ind2=" ">
    <subfield code="b">CU68111606</subfield>
    <subfield code="d">off,leh</subfield>
    <subfield code="e">DS63 .I52 v.4</subfield>
  </datafield>
</record>
</collection>